<?xml version="1.0" encoding="UTF-8"?><record xmlns="http://www.loc.gov/MARC21/slim" xmlns:cinclude="http://apache.org/cocoon/include/1.0" xmlns:zs="http://www.loc.gov/zing/srw/">
  <leader>00596nz  a2200145n  4500</leader>
  <controlfield tag="001">n  89235049 </controlfield>
  <controlfield tag="003">DLC</controlfield>
  <controlfield tag="005">19960309060225.5</controlfield>
  <controlfield tag="008">950822n| acannaab|          |a aaa      </controlfield>
  <datafield tag="010" ind1=" " ind2=" ">
    <subfield code="a">n  89235049 </subfield>
  </datafield>
  <datafield tag="040" ind1=" " ind2=" ">
    <subfield code="a">DLC</subfield>
    <subfield code="c">DLC</subfield>
  </datafield>
  <datafield tag="100" ind1="1" ind2="0">
    <subfield code="a">Sharma, Krishna Dayal</subfield>
  </datafield>
  <datafield tag="400" ind1="0" ind2="0">
    <subfield code="a">Krishna Sharma</subfield>
  </datafield>
  <datafield tag="400" ind1="0" ind2="0">
    <subfield code="a">Krishna Dayal Sharma</subfield>
  </datafield>
  <datafield tag="670" ind1=" " ind2=" ">
    <subfield code="a">Protest in post-independence Indian English fiction, 1995:</subfield>
    <subfield code="b">t.p. (Dr. Krishna Sharma) frwd. (Ms. Krishna Dayal Sharma) jkt. (teaching in Govt. Coll., Sawai Madhopur, where she heads Eng. Dept.; M.A. and LL. B. fr. U. of Rajasthan, Jaipur; awarded doctorate in Dec. 1992)</subfield>
  </datafield>
</record>